<record><leader>00000cas a22000007a 4500</leader><controlfield tag="001">16519953</controlfield><controlfield tag="008">870821d187u19uupaumr ne      0    0eng d</controlfield><datafield ind1=" " ind2=" " tag="010"><subfield code="a">sn 88080882 </subfield></datafield><datafield ind1=" " ind2=" " tag="040"><subfield code="a">NPH</subfield><subfield code="b">eng</subfield><subfield code="c">NPH</subfield><subfield code="d">OCLCQ</subfield></datafield><datafield ind1=" " ind2=" " tag="042"><subfield code="a">msc</subfield></datafield><datafield ind1="0" ind2="4" tag="245"><subfield code="a">The Manna, for young and old.</subfield></datafield><datafield ind1="3" ind2="0" tag="246"><subfield code="a">Manna</subfield></datafield><datafield ind1=" " ind2=" " tag="260"><subfield code="a">Quakertown, Bucks Co., Pa. :</subfield><subfield code="b">[s.n.]</subfield></datafield><datafield ind1=" " ind2=" " tag="300"><subfield code="a">v.</subfield></datafield><datafield ind1=" " ind2=" " tag="310"><subfield code="a">Monthly</subfield></datafield><datafield ind1=" " ind2=" " tag="515"><subfield code="a">Issues also bear whole number designation.</subfield></datafield><datafield ind1=" " ind2=" " tag="580"><subfield code="a">German language ed.: Das Himmels Manna. Fu&#776;r Jung und alt.</subfield></datafield><datafield ind1=" " ind2=" " tag="588"><subfield code="a">Description based on: Vol. 3, no. 7 (July 1881).</subfield></datafield><datafield ind1=" " ind2=" " tag="752"><subfield code="a">United States</subfield><subfield code="b">Pennsylvania</subfield><subfield code="c">Bucks</subfield><subfield code="d">Quakertown.</subfield></datafield><datafield ind1="1" ind2=" " tag="775"><subfield code="t">Himmels Manna. Fu&#776;r Jung und Alt.</subfield><subfield code="w">(DLC)sn 89077314</subfield></datafield></record>